<record><leader>00000cas a22000007a 4500</leader><controlfield tag="001">8790204</controlfield><controlfield tag="008">820920d18381841inuwr ne      0    0eng  </controlfield><datafield ind1=" " ind2=" " tag="010"><subfield code="a">sn 82014752 </subfield></datafield><datafield ind1=" " ind2=" " tag="040"><subfield code="a">DLC</subfield><subfield code="b">eng</subfield><subfield code="c">DLC</subfield><subfield code="d">NPI</subfield><subfield code="d">DLC</subfield><subfield code="d">OCLCQ</subfield></datafield><datafield ind1=" " ind2=" " tag="042"><subfield code="a">msc</subfield></datafield><datafield ind1="0" ind2="0" tag="050"><subfield code="a">Newspaper 7701-X</subfield></datafield><datafield ind1="0" ind2="0" tag="245"><subfield code="a">Leavenworth arena.</subfield></datafield><datafield ind1="0" ind2="3" tag="246"><subfield code="a">Arena</subfield></datafield><datafield ind1=" " ind2=" " tag="260"><subfield code="a">Leavenworth, IA. [i.e. , Ind.] :</subfield><subfield code="b">Isaac Smith,</subfield><subfield code="c">1838-1841.</subfield></datafield><datafield ind1=" " ind2=" " tag="300"><subfield code="a">1 v. :</subfield><subfield code="b">ill. (chiefly advertisements) ;</subfield><subfield code="c">50-69 cm.</subfield></datafield><datafield ind1=" " ind2=" " tag="310"><subfield code="a">Weekly</subfield></datafield><datafield ind1="0" ind2=" " tag="362"><subfield code="a">Vol. 1, no. 1 (May 17, 1838)-v. 3, no. 52 (June 3, 1841).</subfield></datafield><datafield ind1=" " ind2=" " tag="500"><subfield code="a">"Whig" Cf. Miller, John W. Indiana newspaper bibliog.</subfield></datafield><datafield ind1=" " ind2=" " tag="752"><subfield code="a">United States</subfield><subfield code="b">Indiana</subfield><subfield code="c">Crawford</subfield><subfield code="d">Leavenworth.</subfield></datafield></record>